%% This BibTeX bibliography file was created using BibDesk.
%% http://bibdesk.sourceforge.net/


%% Created for Sebastian Höhn at 2014-11-30 16:08:15 +0100 


%% Saved with string encoding Unicode (UTF-8) 



@book{Power2008,
	Address = {Oxford},
	Author = {Power, Micheal},
	Date-Added = {2014-11-30 15:06:42 +0000},
	Date-Modified = {2014-11-30 15:08:15 +0000},
	Publisher = {Oxford University Press},
	Title = {Organized Uncertainty: Designing a World of Risk Management},
	Year = {2008}}

@article{renn1998role,
	Author = {Renn, Ortwin},
	Journal = {Risk Decision and Policy},
	Number = {1},
	Pages = {5--30},
	Title = {The role of risk communication and public dialogue for improving risk management},
	Volume = {3},
	Year = {1998}}

@article{Thompson2002,
	Author = {Thompson, Kimberly M.},
	Doi = {10.1111/0272-4332.00044},
	Issn = {1539-6924},
	Journal = {Risk Analysis},
	Keywords = {Variability, uncertainty, risk communication, risk management, probabilistic risk assessment},
	Number = {3},
	Pages = {647--654},
	Publisher = {Blackwell Publishing, Inc.},
	Title = {Variability and Uncertainty Meet Risk Management and Risk Communication},
	Url = {http://dx.doi.org/10.1111/0272-4332.00044},
	Volume = {22},
	Year = {2002},
	Bdsk-Url-1 = {http://dx.doi.org/10.1111/0272-4332.00044}}

@techreport{Wauer2010,
	Address = {Freising},
	Author = {Dr. Alexandra Wauer and Dr. Joachim Hamberger},
	Date-Added = {2014-11-30 14:45:04 +0000},
	Date-Modified = {2014-11-30 14:46:29 +0000},
	Institution = {{Bayerische Landesanstalt f{\"u}r Wald und Forstwirtschaft (LWF)}},
	Title = {Holzernte in steilen Hanglagen},
	Year = {2010}}

@article{Schneider1984,
	Author = {Schneider, Michael},
	Date-Added = {2014-11-30 14:21:42 +0000},
	Date-Modified = {2014-11-30 14:25:45 +0000},
	Journal = {Gewerkschaftliche Monatshefte},
	Pages = {77--89},
	Title = {Der Kampf um die Arbeitszeitverk{\"u}rzung von der Industrialisierung bis zur Gegenwart},
	Volume = {2},
	Year = {1982}}

@book{BMAS2013,
	Address = {Berlin},
	Date-Added = {2014-11-30 14:07:54 +0000},
	Date-Modified = {2014-11-30 14:12:31 +0000},
	Editor = {{Bundesministerium f{\"u}r Arbeit und Soziales}},
	Publisher = {Universum Kommunikation und Medien AG},
	Title = {Bismarcks Sozialgesetze 1883 bis 1889},
	Year = {2013}}

@article{Robson2007329,
	Abstract = {A variety of OHSMS-based standards, guidelines, and audits has been developed and disseminated over the past 20&#xa0;years. A good understanding of the impact of these systems is timely. This systematic literature review aimed to synthesize the best available evidence on the effects of \{OHSMS\} interventions on employee health and safety and associated economic outcomes. Eight bibliographic databases covering a wide range of fields were searched. Twenty-three articles met the study{\^a}s relevance criteria. Thirteen of these met the methodological quality criteria. Only one of these 13 original studies was judged to be of high methodological quality; the remainder had moderate limitations. The studies{\^a} results were generally positive. There were some null findings but no negative findings. In spite of these promising results, the review concluded that the body of evidence was insufficient to make recommendations either in favour of or against OHSMSs. This was due to: the heterogeneity of the methods employed and the \{OHSMSs\} studied in the original studies; the small number of studies; their generally weak methodological quality; and the lack of generalizability of many of the studies. },
	Author = {Lynda S. Robson and Judith A. Clarke and Kimberley Cullen and Amber Bielecky and Colette Severin and Philip L. Bigelow and Emma Irvin and Anthony Culyer and Quenby Mahood},
	Doi = {http://dx.doi.org/10.1016/j.ssci.2006.07.003},
	Issn = {0925-7535},
	Journal = {Safety Science},
	Keywords = {Effectiveness},
	Number = {3},
	Pages = {329 - 353},
	Title = {The effectiveness of occupational health and safety management system interventions: A systematic review},
	Url = {http://www.sciencedirect.com/science/article/pii/S0925753506000701},
	Volume = {45},
	Year = {2007},
	Bdsk-Url-1 = {http://www.sciencedirect.com/science/article/pii/S0925753506000701},
	Bdsk-Url-2 = {http://dx.doi.org/10.1016/j.ssci.2006.07.003}}

@article{AM2012,
	Author = {Michaelis, Martina and Blomberg, Nicole and Freist-Dorr, Mechthild and Rieger, MonikaA.},
	Doi = {10.1007/BF03346144},
	Issn = {0944-2502},
	Journal = {Zentralblatt f{\"u}r Arbeitsmedizin, Arbeitsschutz und Ergonomie},
	Keywords = {Forst-Besch{\"a}ftigte; Gesundheit; Gesundheitsverhalten; betriebliche Gesundheitsf{\"o}rderung; Pilotstudie; Skilled forestry workers; health; health behavior; workplace health promotion; pilot study},
	Language = {German},
	Number = {4},
	Pages = {184-194},
	Publisher = {Springer-Verlag},
	Title = {Gesundheit(sverhalten) und Gesundheitsf{\"o}rderung in Forstberufen --- Ergebnisse einer Pilotstudie},
	Url = {http://dx.doi.org/10.1007/BF03346144},
	Volume = {62},
	Year = {2012},
	Bdsk-Url-1 = {http://dx.doi.org/10.1007/BF03346144}}

@booklet{IG2013,
	Author = {Axel Allmendinger and Rudolf Janko and Andreas Karcher and Josef Lamprecht and Frank Sch{\"u}hrer and Anton Schulz and Wolfgang Z{\"a}hringer},
	Date-Added = {2014-11-29 16:57:38 +0000},
	Date-Modified = {2014-11-29 16:59:29 +0000},
	Howpublished = {online: http://www.igbau-nordbaden.de/info1329.pdf [zuletzt abgerufen: 28.11.2014]},
	Month = {Juni},
	Title = {Analyse von Unfallursachen im Staatswald Baden W{\"u}rttemberg},
	Year = {2013}}

@booklet{VWRef2005,
	Address = {Stuttgart},
	Author = {Axel Bernhard and Tanja Breymaier and Petra Clauss and Stephan Jaud and Claudia Jehl and Volker Jochimsen and Hermann M{\"u}ller and Manuel Winterhalter-Stocker},
	Date-Added = {2014-11-29 16:46:52 +0000},
	Date-Modified = {2014-11-29 16:50:48 +0000},
	Title = {Die neue Verwaltungsorganisation in Baden-W{\"u}rttemberg},
	Year = {2005}}

@booklet{MLR1999,
	Address = {Stuttgart},
	Author = {Ministerium L{\"a}ndlicher Raum},
	Date-Added = {2014-11-29 16:41:47 +0000},
	Date-Modified = {2014-11-29 16:51:27 +0000},
	Title = {Richtlinie landesweiter Waldentwicklungstypen},
	Year = {1999}}

@misc{GewO1896,
	Chapter = {Gewerbeordnung f{\"u}r den Norddeutschen Bund},
	Date-Added = {2014-11-28 08:11:09 +0000},
	Date-Modified = {2014-11-28 08:20:23 +0000},
	Number = {26},
	Pages = {245 -- 282},
	Title = {Bundesgesetzblatt des Norddeutschen Bundes},
	Volume = {1896},
	Year = {1869}}

@techreport{Jansen2012,
	Address = {Aachen},
	Author = {Thomas Jansen},
	Date-Added = {2014-11-27 17:04:59 +0000},
	Date-Modified = {2014-11-27 17:05:51 +0000},
	Institution = {Gewerkschaft Nahrung-Genuss-Gastst{\"a}tten},
	Title = {Die Geschichte der Gewerkschaft Nahrung-Genuss-Gastst{\"a}tten bis hin zur jetzigen Struktur},
	Year = {2012}}

@inbook{Taddey1998,
	Address = {Darmstadt},
	Chapter = {Sozialpolitik},
	Date-Added = {2014-11-27 16:49:45 +0000},
	Date-Modified = {2014-11-27 16:51:18 +0000},
	Editor = {Gerhard Taddey},
	Pages = {1198},
	Publisher = {Wiss. Buchgesellschaft},
	Title = {Lexikon der deutschen Geschichte bis 1945},
	Year = {1998}}

@book{Kiesewetter1989,
	Author = {Hubert Kiesewetter},
	Date-Added = {2014-11-27 16:45:29 +0000},
	Date-Modified = {2014-11-27 16:46:45 +0000},
	Publisher = {Suhrkamp},
	Title = {Industrielle Revolution in Deutschland 1815--1914},
	Year = {1989}}

@techreport{Meub2014a,
	Address = {Mittweida},
	Author = {Prof. Dr. Michael Meub},
	Date-Added = {2014-11-27 16:29:04 +0000},
	Date-Modified = {2014-11-27 16:29:04 +0000},
	Institution = {Hochschule Mittweida},
	Title = {Historische Meilensteine des Arbeitsrechts},
	Year = {2014}}

@techreport{Meub2014b,
	Address = {Mittweida},
	Author = {Prof. Dr. Michael Meub},
	Date-Added = {2014-11-27 16:27:44 +0000},
	Date-Modified = {2014-11-27 16:29:40 +0000},
	Institution = {Hochschule Mittweida},
	Title = {Die geschichtliche Entwicklung des Arbeitsrechts},
	Year = {2014}}

@techreport{Prinz2012,
	Address = {Hildesheim},
	Author = {Dr. Ingolf Prinz},
	Date-Added = {2014-11-27 16:18:08 +0000},
	Date-Modified = {2014-11-27 16:21:13 +0000},
	Institution = {Universit{\"a}t Hildesheim},
	Title = {Geschichte des Arbeitsrechts ({\"U}berblick)},
	Year = {2012}}

@manual{Forst2011,
	Date-Added = {2014-11-21 15:59:03 +0000},
	Date-Modified = {2014-11-21 16:00:37 +0000},
	Month = {Juni},
	Organization = {Forst BW Praxis},
	Title = {Arbeitssicherheit im Wald -- 12 Schritte zu mehr Arbeitssicherheit im Wald},
	Year = {2011}}

@manual{BGR2009,
	Date-Added = {2014-11-21 15:55:47 +0000},
	Date-Modified = {2014-11-21 15:57:33 +0000},
	Month = {Juni},
	Organization = {Deutsche Gesetzliche Unfallversicherung e.V.},
	Title = {BGR/GUV-R 2114 Regel Waldarbeiten},
	Year = {2009}}

@article{Albizu2013,
	Author = {P. M. Albizu-Urionabarrenetxea and E. Tolosana-Esteban and E. Roman-Jordan},
	Date-Added = {2014-11-21 15:51:30 +0000},
	Date-Modified = {2014-11-21 15:52:58 +0000},
	Journal = {Forest Systems},
	Keywords = {doi: http://dx.doi.org/10.5424/fs/2013223-02714},
	Number = {3},
	Pages = {392 -- 400},
	Title = {Safety and health in forest harvesting operations. Diagnosis and preventive actions. A review},
	Volume = {22},
	Year = {2013},
	Bdsk-File-1 = {YnBsaXN0MDDUAQIDBAUGJCVYJHZlcnNpb25YJG9iamVjdHNZJGFyY2hpdmVyVCR0b3ASAAGGoKgHCBMUFRYaIVUkbnVsbNMJCgsMDxJXTlMua2V5c1pOUy5vYmplY3RzViRjbGFzc6INDoACgAOiEBGABIAFgAdccmVsYXRpdmVQYXRoWWFsaWFzRGF0YV8QZC4uLy4uLy4uLy4uLy4uL3Zhci9mb2xkZXJzL2s3L2ttNnk5MDR4NnJ6X2JmM2R6ZGRkeHRrMDAwMDBnbi9UL1dlYktpdFBERnMtcGdWN2xyLzI3MTQtMTQzMTAtMS1QQi5wZGbSFwsYGVdOUy5kYXRhTxECEAAAAAACEAACAAAMTWFjaW50b3NoIEhEAAAAAAAAAAAAAAAAAAAAzMwmpEgrAAADLvZtEzI3MTQtMTQzMTAtMS1QQi5wZGYAAAAAAAAAAAAAAAAAAAAAAAAAAAAAAAAAAAAAAAAAAAAAAAAAAAAAAAAAAAMvEdzQlR4AAAAAAAAAAAAABQAIAAAJIAAAAAAAAAAAAAAAAAAAABFXZWJLaXRQREZzLXBnVjdscgAAEAAIAADMzBiUAAAAEQAIAADQlQ/wAAAAAQAcAy72bQEZwhcABcyAAAXMfwAAJXcDGK10AxitcwACAHFNYWNpbnRvc2ggSEQ6cHJpdmF0ZToAdmFyOgBmb2xkZXJzOgBrNzoAa202eTkwNHg2cnpfYmYzZHpkZGR4dGswMDAwMGduOgBUOgBXZWJLaXRQREZzLXBnVjdscjoAMjcxNC0xNDMxMC0xLVBCLnBkZgAADgAoABMAMgA3ADEANAAtADEANAAzADEAMAAtADEALQBQAEIALgBwAGQAZgAPABoADABNAGEAYwBpAG4AdABvAHMAaAAgAEgARAASAF1wcml2YXRlL3Zhci9mb2xkZXJzL2s3L2ttNnk5MDR4NnJ6X2JmM2R6ZGRkeHRrMDAwMDBnbi9UL1dlYktpdFBERnMtcGdWN2xyLzI3MTQtMTQzMTAtMS1QQi5wZGYAABMAAS8A//8AAIAG0hscHR5aJGNsYXNzbmFtZVgkY2xhc3Nlc11OU011dGFibGVEYXRhox0fIFZOU0RhdGFYTlNPYmplY3TSGxwiI1xOU0RpY3Rpb25hcnmiIiBfEA9OU0tleWVkQXJjaGl2ZXLRJidUcm9vdIABAAgAEQAaACMALQAyADcAQABGAE0AVQBgAGcAagBsAG4AcQBzAHUAdwCEAI4A9QD6AQIDFgMYAx0DKAMxAz8DQwNKA1MDWANlA2gDegN9A4IAAAAAAAACAQAAAAAAAAAoAAAAAAAAAAAAAAAAAAADhA==}}

@article{Bell2006,
	Author = {Jennifer L. Bell and Shawn T. Grushecky},
	Date-Added = {2014-11-21 15:44:49 +0000},
	Date-Modified = {2014-11-21 15:51:28 +0000},
	Journal = {Journal of Safety Research},
	Pages = {53 -- 61},
	Publisher = {National Institute for Occupational Safety and Health (NIOSH)},
	Title = {Evaluating the effectiveness of a logger safety training program},
	Volume = {37},
	Year = {2006},
	Bdsk-File-1 = {YnBsaXN0MDDUAQIDBAUGJCVYJHZlcnNpb25YJG9iamVjdHNZJGFyY2hpdmVyVCR0b3ASAAGGoKgHCBMUFRYaIVUkbnVsbNMJCgsMDxJXTlMua2V5c1pOUy5vYmplY3RzViRjbGFzc6INDoACgAOiEBGABIAFgAdccmVsYXRpdmVQYXRoWWFsaWFzRGF0YV8Qci4uLy4uLy4uLy4uLy4uL3Zhci9mb2xkZXJzL2s3L2ttNnk5MDR4NnJ6X2JmM2R6ZGRkeHRrMDAwMDBnbi9UL1dlYktpdFBERnMtcGdWN2xyLzEtczIuMC1TMDAyMjQzNzUwNjAwMDA1My1tYWluLnBkZtIXCxgZV05TLmRhdGFPEQJGAAAAAAJGAAIAAAxNYWNpbnRvc2ggSEQAAAAAAAAAAAAAAAAAAADMzCakSCsAAAMu9m0fMS1zMi4wLVMwMDIyNDM3NTA2MCMzMkYxMTk0LnBkZgAAAAAAAAAAAAAAAAAAAAAAAAAAAAAAAAAAAAAAAAAAAy8RlNCVHYMAAAAAAAAAAAAFAAgAAAkgAAAAAAAAAAAAAAAAAAAAEVdlYktpdFBERnMtcGdWN2xyAAAQAAgAAMzMGJQAAAARAAgAANCVD3MAAAABABwDLvZtARnCFwAFzIAABcx/AAAldwMYrXQDGK1zAAIAfU1hY2ludG9zaCBIRDpwcml2YXRlOgB2YXI6AGZvbGRlcnM6AGs3OgBrbTZ5OTA0eDZyel9iZjNkemRkZHh0azAwMDAwZ246AFQ6AFdlYktpdFBERnMtcGdWN2xyOgAxLXMyLjAtUzAwMjI0Mzc1MDYwIzMyRjExOTQucGRmAAAOAEQAIQAxAC0AcwAyAC4AMAAtAFMAMAAwADIAMgA0ADMANwA1ADAANgAwADAAMAAwADUAMwAtAG0AYQBpAG4ALgBwAGQAZgAPABoADABNAGEAYwBpAG4AdABvAHMAaAAgAEgARAASAGtwcml2YXRlL3Zhci9mb2xkZXJzL2s3L2ttNnk5MDR4NnJ6X2JmM2R6ZGRkeHRrMDAwMDBnbi9UL1dlYktpdFBERnMtcGdWN2xyLzEtczIuMC1TMDAyMjQzNzUwNjAwMDA1My1tYWluLnBkZgAAEwABLwD//wAAgAbSGxwdHlokY2xhc3NuYW1lWCRjbGFzc2VzXU5TTXV0YWJsZURhdGGjHR8gVk5TRGF0YVhOU09iamVjdNIbHCIjXE5TRGljdGlvbmFyeaIiIF8QD05TS2V5ZWRBcmNoaXZlctEmJ1Ryb290gAEACAARABoAIwAtADIANwBAAEYATQBVAGAAZwBqAGwAbgBxAHMAdQB3AIQAjgEDAQgBEANaA1wDYQNsA3UDgwOHA44DlwOcA6kDrAO+A8EDxgAAAAAAAAIBAAAAAAAAACgAAAAAAAAAAAAAAAAAAAPI}}

@book{HSA2009,
	Author = {{Health and Safety Authority}},
	Date-Added = {2014-11-21 15:43:29 +0000},
	Date-Modified = {2014-11-21 16:53:37 +0000},
	Publisher = {Health and Safety Authority},
	Title = {Code of Practice for Managing Safety and Health in Forestry Operations},
	Year = {2009},
	Bdsk-File-1 = {YnBsaXN0MDDUAQIDBAUGJCVYJHZlcnNpb25YJG9iamVjdHNZJGFyY2hpdmVyVCR0b3ASAAGGoKgHCBMUFRYaIVUkbnVsbNMJCgsMDxJXTlMua2V5c1pOUy5vYmplY3RzViRjbGFzc6INDoACgAOiEBGABIAFgAdccmVsYXRpdmVQYXRoWWFsaWFzRGF0YV8QdC4uLy4uLy4uLy4uLy4uL3Zhci9mb2xkZXJzL2s3L2ttNnk5MDR4NnJ6X2JmM2R6ZGRkeHRrMDAwMDBnbi9UL1dlYktpdFBERnMtcGdWN2xyL0NvZGUgb2YgUHJhY3RpY2UgRm9yZXN0cnkgMjAwOS0ucGRm0hcLGBlXTlMuZGF0YU8RAkwAAAAAAkwAAgAADE1hY2ludG9zaCBIRAAAAAAAAAAAAAAAAAAAAMzMJqRIKwAAAy72bR9Db2RlIG9mIFByYWN0aWNlIEZvIzMyRjEwOTkucGRmAAAAAAAAAAAAAAAAAAAAAAAAAAAAAAAAAAAAAAAAAAADLxCZ0JUcVwAAAAAAAAAAAAUACAAACSAAAAAAAAAAAAAAAAAAAAARV2ViS2l0UERGcy1wZ1Y3bHIAABAACAAAzMwYlAAAABEACAAA0JUORwAAAAEAHAMu9m0BGcIXAAXMgAAFzH8AACV3AxitdAMYrXMAAgB9TWFjaW50b3NoIEhEOnByaXZhdGU6AHZhcjoAZm9sZGVyczoAazc6AGttNnk5MDR4NnJ6X2JmM2R6ZGRkeHRrMDAwMDBnbjoAVDoAV2ViS2l0UERGcy1wZ1Y3bHI6AENvZGUgb2YgUHJhY3RpY2UgRm8jMzJGMTA5OS5wZGYAAA4ASAAjAEMAbwBkAGUAIABvAGYAIABQAHIAYQBjAHQAaQBjAGUAIABGAG8AcgBlAHMAdAByAHkAIAAyADAAMAA5AC0ALgBwAGQAZgAPABoADABNAGEAYwBpAG4AdABvAHMAaAAgAEgARAASAG1wcml2YXRlL3Zhci9mb2xkZXJzL2s3L2ttNnk5MDR4NnJ6X2JmM2R6ZGRkeHRrMDAwMDBnbi9UL1dlYktpdFBERnMtcGdWN2xyL0NvZGUgb2YgUHJhY3RpY2UgRm9yZXN0cnkgMjAwOS0ucGRmAAATAAEvAP//AACABtIbHB0eWiRjbGFzc25hbWVYJGNsYXNzZXNdTlNNdXRhYmxlRGF0YaMdHyBWTlNEYXRhWE5TT2JqZWN00hscIiNcTlNEaWN0aW9uYXJ5oiIgXxAPTlNLZXllZEFyY2hpdmVy0SYnVHJvb3SAAQAIABEAGgAjAC0AMgA3AEAARgBNAFUAYABnAGoAbABuAHEAcwB1AHcAhACOAQUBCgESA2IDZANpA3QDfQOLA48DlgOfA6QDsQO0A8YDyQPOAAAAAAAAAgEAAAAAAAAAKAAAAAAAAAAAAAAAAAAAA9A=}}

@book{ForstBW2012,
	Author = {Dr. Maria Hehn and Jochen Muschak and Anton Schulz and Frank Sch{\"u}hrer},
	Date-Added = {2014-11-21 15:38:42 +0000},
	Date-Modified = {2014-11-21 16:29:40 +0000},
	Publisher = {Landesbetrieb Forst BW},
	Title = {Arbeitssicherheit auf den Punkt gebracht -- Waldarbeit im Staatswald 2012},
	Year = {2013}}

@article{Axelsson1998,
	Author = {Sven-{\AA}ke Axelsson},
	Date-Added = {2014-11-21 15:26:36 +0000},
	Date-Modified = {2014-11-21 16:31:34 +0000},
	Journal = {International journal of Forest Engineering},
	Number = {2},
	Pages = {25 -- 31},
	Title = {The Mechanization of Logging Operations in Sweden and its Effect on Occupational Safety and Health},
	Volume = {9},
	Year = {1998}}

@article{Neitzel2001,
	Author = {Richard Neitzel and Michael Yost},
	Date-Added = {2014-11-21 15:25:44 +0000},
	Date-Modified = {2014-11-21 16:34:04 +0000},
	Journal = {Forestry Workers},
	Pages = {617 -- 627},
	Title = {Tasked-Based Assessment of Occupational Vibration and Noise Exposures},
	Year = {2001},
	Bdsk-File-1 = {YnBsaXN0MDDUAQIDBAUGJCVYJHZlcnNpb25YJG9iamVjdHNZJGFyY2hpdmVyVCR0b3ASAAGGoKgHCBMUFRYaIVUkbnVsbNMJCgsMDxJXTlMua2V5c1pOUy5vYmplY3RzViRjbGFzc6INDoACgAOiEBGABIAFgAdccmVsYXRpdmVQYXRoWWFsaWFzRGF0YV8Qey4uLy4uLy4uLy4uLy4uL3Zhci9mb2xkZXJzL2s3L2ttNnk5MDR4NnJ6X2JmM2R6ZGRkeHRrMDAwMDBnbi9UL1dlYktpdFBERnMtcGdWN2xyL05laXR6ZWxUYXNrQmFzZWRBc3NWaWJOb2lzZUV4cEZvcmVzdHJ5LnBkZtIXCxgZV05TLmRhdGFPEQJgAAAAAAJgAAIAAAxNYWNpbnRvc2ggSEQAAAAAAAAAAAAAAAAAAADMzCakSCsAAAMu9m0fTmVpdHplbFRhc2tCYXNlZEFzcyMzMkYwRjA0LnBkZgAAAAAAAAAAAAAAAAAAAAAAAAAAAAAAAAAAAAAAAAAAAy8PBNCVGOgAAAAAAAAAAAAFAAgAAAkgAAAAAAAAAAAAAAAAAAAAEVdlYktpdFBERnMtcGdWN2xyAAAQAAgAAMzMGJQAAAARAAgAANCVCtgAAAABABwDLvZtARnCFwAFzIAABcx/AAAldwMYrXQDGK1zAAIAfU1hY2ludG9zaCBIRDpwcml2YXRlOgB2YXI6AGZvbGRlcnM6AGs3OgBrbTZ5OTA0eDZyel9iZjNkemRkZHh0azAwMDAwZ246AFQ6AFdlYktpdFBERnMtcGdWN2xyOgBOZWl0emVsVGFza0Jhc2VkQXNzIzMyRjBGMDQucGRmAAAOAFYAKgBOAGUAaQB0AHoAZQBsAFQAYQBzAGsAQgBhAHMAZQBkAEEAcwBzAFYAaQBiAE4AbwBpAHMAZQBFAHgAcABGAG8AcgBlAHMAdAByAHkALgBwAGQAZgAPABoADABNAGEAYwBpAG4AdABvAHMAaAAgAEgARAASAHRwcml2YXRlL3Zhci9mb2xkZXJzL2s3L2ttNnk5MDR4NnJ6X2JmM2R6ZGRkeHRrMDAwMDBnbi9UL1dlYktpdFBERnMtcGdWN2xyL05laXR6ZWxUYXNrQmFzZWRBc3NWaWJOb2lzZUV4cEZvcmVzdHJ5LnBkZgATAAEvAP//AACABtIbHB0eWiRjbGFzc25hbWVYJGNsYXNzZXNdTlNNdXRhYmxlRGF0YaMdHyBWTlNEYXRhWE5TT2JqZWN00hscIiNcTlNEaWN0aW9uYXJ5oiIgXxAPTlNLZXllZEFyY2hpdmVy0SYnVHJvb3SAAQAIABEAGgAjAC0AMgA3AEAARgBNAFUAYABnAGoAbABuAHEAcwB1AHcAhACOAQwBEQEZA30DfwOEA48DmAOmA6oDsQO6A78DzAPPA+ED5APpAAAAAAAAAgEAAAAAAAAAKAAAAAAAAAAAAAAAAAAAA+s=}}

@book{EU2005-2,
	Author = {European Agency for Safety and Health at Work},
	Date-Added = {2014-11-21 15:23:52 +0000},
	Date-Modified = {2014-11-21 15:25:10 +0000},
	Publisher = {European Agency for Safety and Health at Work},
	Title = {Expert forecast on emerging physical risks related to occupational safety and health},
	Year = {2005}}

@techreport{EU2005,
	Address = {Br{\"u}ssel},
	Author = {European Agency for Safety and Health at Work},
	Date-Added = {2014-11-21 15:21:29 +0000},
	Date-Modified = {2014-11-21 16:35:53 +0000},
	Institution = {European Agency for Safety and Health at Work},
	Title = {Occupational safety and health in Europe's forestry industry},
	Year = {2005},
	Bdsk-File-1 = {YnBsaXN0MDDUAQIDBAUGJCVYJHZlcnNpb25YJG9iamVjdHNZJGFyY2hpdmVyVCR0b3ASAAGGoKgHCBMUFRYaIVUkbnVsbNMJCgsMDxJXTlMua2V5c1pOUy5vYmplY3RzViRjbGFzc6INDoACgAOiEBGABIAFgAdccmVsYXRpdmVQYXRoWWFsaWFzRGF0YV8Qoy4uLy4uLy4uLy4uLy4uL3Zhci9mb2xkZXJzL2s3L2ttNnk5MDR4NnJ6X2JmM2R6ZGRkeHRrMDAwMDBnbi9UL1dlYktpdFBERnMtcGdWN2xyLzc4UFgxRy1FLWZhY3RfMjlfLV9PY2N1cGF0aW9uYWxfc2FmZXR5X2FuZF9oZWFsdGhfaW5fRXVyb3Blc19mb3Jlc3RyeV9pbmR1c3RyeS5wZGbSFwsYGVdOUy5kYXRhTxEC2AAAAAAC2AACAAAMTWFjaW50b3NoIEhEAAAAAAAAAAAAAAAAAAAAzMwmpEgrAAADLvZtHzc4UFgxRy1FLWZhY3RfMjlfLV8jMzJGMTAyOS5wZGYAAAAAAAAAAAAAAAAAAAAAAAAAAAAAAAAAAAAAAAAAAAMvECnQlRvDAAAAAAAAAAAABQAIAAAJIAAAAAAAAAAAAAAAAAAAABFXZWJLaXRQREZzLXBnVjdscgAAEAAIAADMzBiUAAAAEQAIAADQlQ2zAAAAAQAcAy72bQEZwhcABcyAAAXMfwAAJXcDGK10AxitcwACAH1NYWNpbnRvc2ggSEQ6cHJpdmF0ZToAdmFyOgBmb2xkZXJzOgBrNzoAa202eTkwNHg2cnpfYmYzZHpkZGR4dGswMDAwMGduOgBUOgBXZWJLaXRQREZzLXBnVjdscjoANzhQWDFHLUUtZmFjdF8yOV8tXyMzMkYxMDI5LnBkZgAADgCmAFIANwA4AFAAWAAxAEcALQBFAC0AZgBhAGMAdABfADIAOQBfAC0AXwBPAGMAYwB1AHAAYQB0AGkAbwBuAGEAbABfAHMAYQBmAGUAdAB5AF8AYQBuAGQAXwBoAGUAYQBsAHQAaABfAGkAbgBfAEUAdQByAG8AcABlAHMAXwBmAG8AcgBlAHMAdAByAHkAXwBpAG4AZAB1AHMAdAByAHkALgBwAGQAZgAPABoADABNAGEAYwBpAG4AdABvAHMAaAAgAEgARAASAJxwcml2YXRlL3Zhci9mb2xkZXJzL2s3L2ttNnk5MDR4NnJ6X2JmM2R6ZGRkeHRrMDAwMDBnbi9UL1dlYktpdFBERnMtcGdWN2xyLzc4UFgxRy1FLWZhY3RfMjlfLV9PY2N1cGF0aW9uYWxfc2FmZXR5X2FuZF9oZWFsdGhfaW5fRXVyb3Blc19mb3Jlc3RyeV9pbmR1c3RyeS5wZGYAEwABLwD//wAAgAbSGxwdHlokY2xhc3NuYW1lWCRjbGFzc2VzXU5TTXV0YWJsZURhdGGjHR8gVk5TRGF0YVhOU09iamVjdNIbHCIjXE5TRGljdGlvbmFyeaIiIF8QD05TS2V5ZWRBcmNoaXZlctEmJ1Ryb290gAEACAARABoAIwAtADIANwBAAEYATQBVAGAAZwBqAGwAbgBxAHMAdQB3AIQAjgE0ATkBQQQdBB8EJAQvBDgERgRKBFEEWgRfBGwEbwSBBIQEiQAAAAAAAAIBAAAAAAAAACgAAAAAAAAAAAAAAAAAAASL}}

@techreport{ilo1998,
	Address = {Geneva},
	Author = {International Labour Office},
	Date-Added = {2014-11-21 15:19:35 +0000},
	Date-Modified = {2014-11-21 15:21:14 +0000},
	Institution = {International Labour Office},
	Title = {Safety and health in forestry work: An ILO code of practice},
	Year = {1998},
	Bdsk-File-1 = {YnBsaXN0MDDUAQIDBAUGJCVYJHZlcnNpb25YJG9iamVjdHNZJGFyY2hpdmVyVCR0b3ASAAGGoKgHCBMUFRYaIVUkbnVsbNMJCgsMDxJXTlMua2V5c1pOUy5vYmplY3RzViRjbGFzc6INDoACgAOiEBGABIAFgAdccmVsYXRpdmVQYXRoWWFsaWFzRGF0YV8QYC4uLy4uLy4uLy4uLy4uL3Zhci9mb2xkZXJzL2s3L2ttNnk5MDR4NnJ6X2JmM2R6ZGRkeHRrMDAwMDBnbi9UL1dlYktpdFBERnMtcGdWN2xyL3djbXNfMTA3NzkzLnBkZtIXCxgZV05TLmRhdGFPEQIAAAAAAAIAAAIAAAxNYWNpbnRvc2ggSEQAAAAAAAAAAAAAAAAAAADMzCakSCsAAAMu9m0Pd2Ntc18xMDc3OTMucGRmAAAAAAAAAAAAAAAAAAAAAAAAAAAAAAAAAAAAAAAAAAAAAAAAAAAAAAAAAAAAAAAAAy8QM9CVG9oAAAAAAAAAAAAFAAgAAAkgAAAAAAAAAAAAAAAAAAAAEVdlYktpdFBERnMtcGdWN2xyAAAQAAgAAMzMGJQAAAARAAgAANCVDcoAAAABABwDLvZtARnCFwAFzIAABcx/AAAldwMYrXQDGK1zAAIAbU1hY2ludG9zaCBIRDpwcml2YXRlOgB2YXI6AGZvbGRlcnM6AGs3OgBrbTZ5OTA0eDZyel9iZjNkemRkZHh0azAwMDAwZ246AFQ6AFdlYktpdFBERnMtcGdWN2xyOgB3Y21zXzEwNzc5My5wZGYAAA4AIAAPAHcAYwBtAHMAXwAxADAANwA3ADkAMwAuAHAAZABmAA8AGgAMAE0AYQBjAGkAbgB0AG8AcwBoACAASABEABIAWXByaXZhdGUvdmFyL2ZvbGRlcnMvazcva202eTkwNHg2cnpfYmYzZHpkZGR4dGswMDAwMGduL1QvV2ViS2l0UERGcy1wZ1Y3bHIvd2Ntc18xMDc3OTMucGRmAAATAAEvAP//AACABtIbHB0eWiRjbGFzc25hbWVYJGNsYXNzZXNdTlNNdXRhYmxlRGF0YaMdHyBWTlNEYXRhWE5TT2JqZWN00hscIiNcTlNEaWN0aW9uYXJ5oiIgXxAPTlNLZXllZEFyY2hpdmVy0SYnVHJvb3SAAQAIABEAGgAjAC0AMgA3AEAARgBNAFUAYABnAGoAbABuAHEAcwB1AHcAhACOAPEA9gD+AwIDBAMJAxQDHQMrAy8DNgM/A0QDUQNUA2YDaQNuAAAAAAAAAgEAAAAAAAAAKAAAAAAAAAAAAAAAAAAAA3A=}}

@book{Daeubler2006,
	Author = {Wolfgang D{\"a}ubler},
	Date-Added = {2014-11-21 15:17:10 +0000},
	Date-Modified = {2014-11-21 16:01:28 +0000},
	Edition = {6. Auflage},
	Publisher = {Bund-Verlag},
	Title = {Arbeitsrecht, Ratgeber f{\"u}r Beruf, Praxis und Studium},
	Year = {2006}}

@book{Schaub03,
	Address = {M{\"u}nchen},
	Author = {Schaub, G{\"u}nter and Koch, Ulrich and Linck, R{\"u}diger and Treber, J{\"u}rgen and Vogelsang, Hinrich},
	Date-Added = {2014-11-21 15:11:51 +0000},
	Date-Modified = {2014-11-21 16:21:53 +0000},
	Edition = {15.},
	Publisher = {C.H. Beck},
	Title = {Arbeitsrechts-Handbuch},
	Year = {2013}}

@techreport{Trenk2008,
	Address = {Bamberg},
	Author = {Peter Trenk-Hirtenberger},
	Date-Added = {2014-11-21 12:11:34 +0000},
	Date-Modified = {2014-11-21 16:37:06 +0000},
	Institution = {Universit{\"a}t Bamberg},
	Title = {Grundlagen des Arbeitsrechts},
	Year = {2008},
	Bdsk-File-1 = {YnBsaXN0MDDUAQIDBAUGJCVYJHZlcnNpb25YJG9iamVjdHNZJGFyY2hpdmVyVCR0b3ASAAGGoKgHCBMUFRYaIVUkbnVsbNMJCgsMDxJXTlMua2V5c1pOUy5vYmplY3RzViRjbGFzc6INDoACgAOiEBGABIAFgAdccmVsYXRpdmVQYXRoWWFsaWFzRGF0YV8QcS4uLy4uLy4uLy4uLy4uL3Zhci9mb2xkZXJzL2s3L2ttNnk5MDR4NnJ6X2JmM2R6ZGRkeHRrMDAwMDBnbi9UL1dlYktpdFBERnMtcGdWN2xyL01pY3Jvc29mdF9Xb3JkXy1fQVdSMjAwN19kb2MucGRm0hcLGBlXTlMuZGF0YU8RAkIAAAAAAkIAAgAADE1hY2ludG9zaCBIRAAAAAAAAAAAAAAAAAAAAMzMJqRIKwAAAy72bR9NaWNyb3NvZnRfV29yZF8tX0FXIzMyRUZDMEEucGRmAAAAAAAAAAAAAAAAAAAAAAAAAAAAAAAAAAAAAAAAAAADLvwK0JTqswAAAAAAAAAAAAUACAAACSAAAAAAAAAAAAAAAAAAAAARV2ViS2l0UERGcy1wZ1Y3bHIAABAACAAAzMwYlAAAABEACAAA0JTcowAAAAEAHAMu9m0BGcIXAAXMgAAFzH8AACV3AxitdAMYrXMAAgB9TWFjaW50b3NoIEhEOnByaXZhdGU6AHZhcjoAZm9sZGVyczoAazc6AGttNnk5MDR4NnJ6X2JmM2R6ZGRkeHRrMDAwMDBnbjoAVDoAV2ViS2l0UERGcy1wZ1Y3bHI6AE1pY3Jvc29mdF9Xb3JkXy1fQVcjMzJFRkMwQS5wZGYAAA4AQgAgAE0AaQBjAHIAbwBzAG8AZgB0AF8AVwBvAHIAZABfAC0AXwBBAFcAUgAyADAAMAA3AF8AZABvAGMALgBwAGQAZgAPABoADABNAGEAYwBpAG4AdABvAHMAaAAgAEgARAASAGpwcml2YXRlL3Zhci9mb2xkZXJzL2s3L2ttNnk5MDR4NnJ6X2JmM2R6ZGRkeHRrMDAwMDBnbi9UL1dlYktpdFBERnMtcGdWN2xyL01pY3Jvc29mdF9Xb3JkXy1fQVdSMjAwN19kb2MucGRmABMAAS8A//8AAIAG0hscHR5aJGNsYXNzbmFtZVgkY2xhc3Nlc11OU011dGFibGVEYXRhox0fIFZOU0RhdGFYTlNPYmplY3TSGxwiI1xOU0RpY3Rpb25hcnmiIiBfEA9OU0tleWVkQXJjaGl2ZXLRJidUcm9vdIABAAgAEQAaACMALQAyADcAQABGAE0AVQBgAGcAagBsAG4AcQBzAHUAdwCEAI4BAgEHAQ8DVQNXA1wDZwNwA34DggOJA5IDlwOkA6cDuQO8A8EAAAAAAAACAQAAAAAAAAAoAAAAAAAAAAAAAAAAAAADww==}}

@techreport{BG2005,
	Address = {Sankt Augustin},
	Author = {{Berufsgenossenschaftliche Zentrale f{\"u}r Sicherheit und Gesundheit}},
	Date-Added = {2014-11-21 12:11:19 +0000},
	Date-Modified = {2014-11-21 16:32:16 +0000},
	Institution = {Hauptverband der gewerblichen Berufsgenossenschaften (HVBG)},
	Title = {5 Bausteine f{\"u}r einen gut organisierten Betrieb -- auch in Sachen Arbeitsschutz},
	Year = {2005}}

@techreport{Selzer2014,
	Address = {M{\"u}nchen},
	Author = {Dirk Selzer},
	Date-Added = {2014-11-21 12:09:44 +0000},
	Date-Modified = {2014-11-21 16:36:47 +0000},
	Institution = {Ludwigs-Maximilian-Universit{\"a}t},
	Title = {Individual-Arbeitsrecht},
	Year = {2014},
	Bdsk-File-1 = {YnBsaXN0MDDUAQIDBAUGJCVYJHZlcnNpb25YJG9iamVjdHNZJGFyY2hpdmVyVCR0b3ASAAGGoKgHCBMUFRYaIVUkbnVsbNMJCgsMDxJXTlMua2V5c1pOUy5vYmplY3RzViRjbGFzc6INDoACgAOiEBGABIAFgAdccmVsYXRpdmVQYXRoWWFsaWFzRGF0YV8QbC4uLy4uLy4uLy4uLy4uL3Zhci9mb2xkZXJzL2s3L2ttNnk5MDR4NnJ6X2JmM2R6ZGRkeHRrMDAwMDBnbi9UL1dlYktpdFBERnMtcGdWN2xyL3Zvcmxlc3VuZ3Nza3JpcHRfdm9sbHN0LnBkZtIXCxgZV05TLmRhdGFPEQIwAAAAAAIwAAIAAAxNYWNpbnRvc2ggSEQAAAAAAAAAAAAAAAAAAADMzCakSCsAAAMu9m0bdm9ybGVzdW5nc3NrcmlwdF92b2xsc3QucGRmAAAAAAAAAAAAAAAAAAAAAAAAAAAAAAAAAAAAAAAAAAAAAAAAAy77pNCU6g8AAAAAAAAAAAAFAAgAAAkgAAAAAAAAAAAAAAAAAAAAEVdlYktpdFBERnMtcGdWN2xyAAAQAAgAAMzMGJQAAAARAAgAANCU2/8AAAABABwDLvZtARnCFwAFzIAABcx/AAAldwMYrXQDGK1zAAIAeU1hY2ludG9zaCBIRDpwcml2YXRlOgB2YXI6AGZvbGRlcnM6AGs3OgBrbTZ5OTA0eDZyel9iZjNkemRkZHh0azAwMDAwZ246AFQ6AFdlYktpdFBERnMtcGdWN2xyOgB2b3JsZXN1bmdzc2tyaXB0X3ZvbGxzdC5wZGYAAA4AOAAbAHYAbwByAGwAZQBzAHUAbgBnAHMAcwBrAHIAaQBwAHQAXwB2AG8AbABsAHMAdAAuAHAAZABmAA8AGgAMAE0AYQBjAGkAbgB0AG8AcwBoACAASABEABIAZXByaXZhdGUvdmFyL2ZvbGRlcnMvazcva202eTkwNHg2cnpfYmYzZHpkZGR4dGswMDAwMGduL1QvV2ViS2l0UERGcy1wZ1Y3bHIvdm9ybGVzdW5nc3NrcmlwdF92b2xsc3QucGRmAAATAAEvAP//AACABtIbHB0eWiRjbGFzc25hbWVYJGNsYXNzZXNdTlNNdXRhYmxlRGF0YaMdHyBWTlNEYXRhWE5TT2JqZWN00hscIiNcTlNEaWN0aW9uYXJ5oiIgXxAPTlNLZXllZEFyY2hpdmVy0SYnVHJvb3SAAQAIABEAGgAjAC0AMgA3AEAARgBNAFUAYABnAGoAbABuAHEAcwB1AHcAhACOAP0BAgEKAz4DQANFA1ADWQNnA2sDcgN7A4ADjQOQA6IDpQOqAAAAAAAAAgEAAAAAAAAAKAAAAAAAAAAAAAAAAAAAA6w=}}

@techreport{DGUV-2014,
	Address = {Berlin},
	Author = {{Deutsche Gesetzliche Unfallversicherung e.V.}},
	Date-Added = {2014-11-21 12:06:29 +0000},
	Date-Modified = {2014-11-21 16:33:03 +0000},
	Institution = {Deutsche Gesetzliche Unfallversicherung e.V.},
	Title = {Seilarbeit im Forstbetrieb -- Seile Seilendverbindungen umgelenkter Zug},
	Year = {2014},
	Bdsk-File-1 = {YnBsaXN0MDDUAQIDBAUGJCVYJHZlcnNpb25YJG9iamVjdHNZJGFyY2hpdmVyVCR0b3ASAAGGoKgHCBMUFRYaIVUkbnVsbNMJCgsMDxJXTlMua2V5c1pOUy5vYmplY3RzViRjbGFzc6INDoACgAOiEBGABIAFgAdccmVsYXRpdmVQYXRoWWFsaWFzRGF0YV8QXS4uLy4uLy4uLy4uLy4uL3Zhci9mb2xkZXJzL2s3L2ttNnk5MDR4NnJ6X2JmM2R6ZGRkeHRrMDAwMDBnbi9UL1dlYktpdFBERnMtcGdWN2xyL0NDQ18zMzkzLnBkZtIXCxgZV05TLmRhdGFPEQHyAAAAAAHyAAIAAAxNYWNpbnRvc2ggSEQAAAAAAAAAAAAAAAAAAADMzCakSCsAAAMu9m0MQ0NDXzMzOTMucGRmAAAAAAAAAAAAAAAAAAAAAAAAAAAAAAAAAAAAAAAAAAAAAAAAAAAAAAAAAAAAAAAAAAAAAy77UdCU6Y0AAAAAAAAAAAAFAAgAAAkgAAAAAAAAAAAAAAAAAAAAEVdlYktpdFBERnMtcGdWN2xyAAAQAAgAAMzMGJQAAAARAAgAANCU230AAAABABwDLvZtARnCFwAFzIAABcx/AAAldwMYrXQDGK1zAAIAak1hY2ludG9zaCBIRDpwcml2YXRlOgB2YXI6AGZvbGRlcnM6AGs3OgBrbTZ5OTA0eDZyel9iZjNkemRkZHh0azAwMDAwZ246AFQ6AFdlYktpdFBERnMtcGdWN2xyOgBDQ0NfMzM5My5wZGYADgAaAAwAQwBDAEMAXwAzADMAOQAzAC4AcABkAGYADwAaAAwATQBhAGMAaQBuAHQAbwBzAGgAIABIAEQAEgBWcHJpdmF0ZS92YXIvZm9sZGVycy9rNy9rbTZ5OTA0eDZyel9iZjNkemRkZHh0azAwMDAwZ24vVC9XZWJLaXRQREZzLXBnVjdsci9DQ0NfMzM5My5wZGYAEwABLwD//wAAgAbSGxwdHlokY2xhc3NuYW1lWCRjbGFzc2VzXU5TTXV0YWJsZURhdGGjHR8gVk5TRGF0YVhOU09iamVjdNIbHCIjXE5TRGljdGlvbmFyeaIiIF8QD05TS2V5ZWRBcmNoaXZlctEmJ1Ryb290gAEACAARABoAIwAtADIANwBAAEYATQBVAGAAZwBqAGwAbgBxAHMAdQB3AIQAjgDuAPMA+wLxAvMC+AMDAwwDGgMeAyUDLgMzA0ADQwNVA1gDXQAAAAAAAAIBAAAAAAAAACgAAAAAAAAAAAAAAAAAAANf}}

@techreport{Schiffer2011,
	Address = {Saarbr{\"u}cken},
	Author = {Harald Schiffer},
	Date-Added = {2014-11-21 11:55:44 +0000},
	Date-Modified = {2014-11-21 16:36:27 +0000},
	Institution = {Arbeitskammer des Saarlandes},
	Title = {Arbeitsrecht f{\"u}r jeden},
	Year = {2011},
	Bdsk-File-1 = {YnBsaXN0MDDUAQIDBAUGJCVYJHZlcnNpb25YJG9iamVjdHNZJGFyY2hpdmVyVCR0b3ASAAGGoKgHCBMUFRYaIVUkbnVsbNMJCgsMDxJXTlMua2V5c1pOUy5vYmplY3RzViRjbGFzc6INDoACgAOiEBGABIAFgAdccmVsYXRpdmVQYXRoWWFsaWFzRGF0YV8QYS4uLy4uLy4uLy4uLy4uL3Zhci9mb2xkZXJzL2s3L2ttNnk5MDR4NnJ6X2JmM2R6ZGRkeHRrMDAwMDBnbi9UL1dlYktpdFBERnMtcGdWN2xyL0FyYmVpdHNyZWNodC5wZGbSFwsYGVdOUy5kYXRhTxECAgAAAAACAgACAAAMTWFjaW50b3NoIEhEAAAAAAAAAAAAAAAAAAAAzMwmpEgrAAADLvZtEEFyYmVpdHNyZWNodC5wZGYAAAAAAAAAAAAAAAAAAAAAAAAAAAAAAAAAAAAAAAAAAAAAAAAAAAAAAAAAAAAAAAMu+dLQlOcfAAAAAAAAAAAABQAIAAAJIAAAAAAAAAAAAAAAAAAAABFXZWJLaXRQREZzLXBnVjdscgAAEAAIAADMzBiUAAAAEQAIAADQlNkPAAAAAQAcAy72bQEZwhcABcyAAAXMfwAAJXcDGK10AxitcwACAG5NYWNpbnRvc2ggSEQ6cHJpdmF0ZToAdmFyOgBmb2xkZXJzOgBrNzoAa202eTkwNHg2cnpfYmYzZHpkZGR4dGswMDAwMGduOgBUOgBXZWJLaXRQREZzLXBnVjdscjoAQXJiZWl0c3JlY2h0LnBkZgAOACIAEABBAHIAYgBlAGkAdABzAHIAZQBjAGgAdAAuAHAAZABmAA8AGgAMAE0AYQBjAGkAbgB0AG8AcwBoACAASABEABIAWnByaXZhdGUvdmFyL2ZvbGRlcnMvazcva202eTkwNHg2cnpfYmYzZHpkZGR4dGswMDAwMGduL1QvV2ViS2l0UERGcy1wZ1Y3bHIvQXJiZWl0c3JlY2h0LnBkZgATAAEvAP//AACABtIbHB0eWiRjbGFzc25hbWVYJGNsYXNzZXNdTlNNdXRhYmxlRGF0YaMdHyBWTlNEYXRhWE5TT2JqZWN00hscIiNcTlNEaWN0aW9uYXJ5oiIgXxAPTlNLZXllZEFyY2hpdmVy0SYnVHJvb3SAAQAIABEAGgAjAC0AMgA3AEAARgBNAFUAYABnAGoAbABuAHEAcwB1AHcAhACOAPIA9wD/AwUDBwMMAxcDIAMuAzIDOQNCA0cDVANXA2kDbANxAAAAAAAAAgEAAAAAAAAAKAAAAAAAAAAAAAAAAAAAA3M=}}

@techreport{Kock2013,
	Address = {M{\"u}nster},
	Author = {Martin Kock},
	Date-Added = {2014-11-21 11:43:02 +0000},
	Date-Modified = {2014-11-21 16:33:17 +0000},
	Institution = {FH M{\"u}nster - FB Design},
	Title = {{A}rbeitsrecht},
	Year = {2013},
	Bdsk-File-1 = {YnBsaXN0MDDUAQIDBAUGJCVYJHZlcnNpb25YJG9iamVjdHNZJGFyY2hpdmVyVCR0b3ASAAGGoKgHCBMUFRYaIVUkbnVsbNMJCgsMDxJXTlMua2V5c1pOUy5vYmplY3RzViRjbGFzc6INDoACgAOiEBGABIAFgAdccmVsYXRpdmVQYXRoWWFsaWFzRGF0YV8QaS4uLy4uLy4uLy4uLy4uL3Zhci9mb2xkZXJzL2s3L2ttNnk5MDR4NnJ6X2JmM2R6ZGRkeHRrMDAwMDBnbi9UL1dlYktpdFBERnMtcGdWN2xyL0FyYmVpdHNyZWNodF9XZWJzaXRlLnBkZtIXCxgZV05TLmRhdGFPEQIiAAAAAAIiAAIAAAxNYWNpbnRvc2ggSEQAAAAAAAAAAAAAAAAAAADMzCakSCsAAAMu9m0YQXJiZWl0c3JlY2h0X1dlYnNpdGUucGRmAAAAAAAAAAAAAAAAAAAAAAAAAAAAAAAAAAAAAAAAAAAAAAAAAAAAAy73gdCU5BwAAAAAAAAAAAAFAAgAAAkgAAAAAAAAAAAAAAAAAAAAEVdlYktpdFBERnMtcGdWN2xyAAAQAAgAAMzMGJQAAAARAAgAANCU1gwAAAABABwDLvZtARnCFwAFzIAABcx/AAAldwMYrXQDGK1zAAIAdk1hY2ludG9zaCBIRDpwcml2YXRlOgB2YXI6AGZvbGRlcnM6AGs3OgBrbTZ5OTA0eDZyel9iZjNkemRkZHh0azAwMDAwZ246AFQ6AFdlYktpdFBERnMtcGdWN2xyOgBBcmJlaXRzcmVjaHRfV2Vic2l0ZS5wZGYADgAyABgAQQByAGIAZQBpAHQAcwByAGUAYwBoAHQAXwBXAGUAYgBzAGkAdABlAC4AcABkAGYADwAaAAwATQBhAGMAaQBuAHQAbwBzAGgAIABIAEQAEgBicHJpdmF0ZS92YXIvZm9sZGVycy9rNy9rbTZ5OTA0eDZyel9iZjNkemRkZHh0azAwMDAwZ24vVC9XZWJLaXRQREZzLXBnVjdsci9BcmJlaXRzcmVjaHRfV2Vic2l0ZS5wZGYAEwABLwD//wAAgAbSGxwdHlokY2xhc3NuYW1lWCRjbGFzc2VzXU5TTXV0YWJsZURhdGGjHR8gVk5TRGF0YVhOU09iamVjdNIbHCIjXE5TRGljdGlvbmFyeaIiIF8QD05TS2V5ZWRBcmNoaXZlctEmJ1Ryb290gAEACAARABoAIwAtADIANwBAAEYATQBVAGAAZwBqAGwAbgBxAHMAdQB3AIQAjgD6AP8BBwMtAy8DNAM/A0gDVgNaA2EDagNvA3wDfwORA5QDmQAAAAAAAAIBAAAAAAAAACgAAAAAAAAAAAAAAAAAAAOb}}

@misc{wiki:Arbeitsschutz,
	Author = {Wikipedia},
	Date-Added = {2014-11-21 11:40:28 +0000},
	Date-Modified = {2014-11-21 16:37:50 +0000},
	Howpublished = {[Online; accessed 21-November-2014]},
	Lastchecked = {21.11.2014},
	Title = {Arbeitsschutz --- {W}ikipedia{,} The Free Encyclopedia},
	Url = {http://de.wikipedia.org/wiki/Arbeitsschutz},
	Year = {2014},
	Bdsk-Url-1 = {http://de.wikipedia.org/wiki/Arbeitsschutz}}

@misc{wiki:Arbeitsrecht,
	Annote = {[Online; accessed 21-November-2014]},
	Author = {Wikipedia},
	Date-Added = {2014-11-21 11:39:29 +0000},
	Date-Modified = {2014-11-21 11:53:48 +0000},
	Howpublished = {[Online; accessed 21-November-2014]},
	Lastchecked = {21.11.2014},
	Title = {Arbeitsrecht --- {W}ikipedia{,} The Free Encyclopedia},
	Url = {http://de.wikipedia.org/wiki/Arbeitsrecht_(Deutschland)},
	Year = {2014},
	Bdsk-Url-1 = {http://de.wikipedia.org/wiki/Arbeitsrecht_(Deutschland)}}

@article{Nick2012,
	Author = {Lars Nick},
	Date-Added = {2014-11-21 11:38:17 +0000},
	Date-Modified = {2014-11-21 11:49:37 +0000},
	Journal = {Wald und Holz},
	Pages = {35 -- 37},
	Title = {Der {S}chutzhelm},
	Volume = {10},
	Year = {2012},
	Bdsk-File-1 = {YnBsaXN0MDDUAQIDBAUGJCVYJHZlcnNpb25YJG9iamVjdHNZJGFyY2hpdmVyVCR0b3ASAAGGoKgHCBMUFRYaIVUkbnVsbNMJCgsMDxJXTlMua2V5c1pOUy5vYmplY3RzViRjbGFzc6INDoACgAOiEBGABIAFgAdccmVsYXRpdmVQYXRoWWFsaWFzRGF0YV8QZy4uLy4uLy4uLy4uLy4uL3Zhci9mb2xkZXJzL2s3L2ttNnk5MDR4NnJ6X2JmM2R6ZGRkeHRrMDAwMDBnbi9UL1dlYktpdFBERnMtcGdWN2xyL3dzbF9zY2h1dHpoZWxtX3BkZi5wZGbSFwsYGVdOUy5kYXRhTxECGgAAAAACGgACAAAMTWFjaW50b3NoIEhEAAAAAAAAAAAAAAAAAAAAzMwmpEgrAAADLvZtFndzbF9zY2h1dHpoZWxtX3BkZi5wZGYAAAAAAAAAAAAAAAAAAAAAAAAAAAAAAAAAAAAAAAAAAAAAAAAAAAAAAAMu9rbQlOK2AAAAAAAAAAAABQAIAAAJIAAAAAAAAAAAAAAAAAAAABFXZWJLaXRQREZzLXBnVjdscgAAEAAIAADMzBiUAAAAEQAIAADQlNSmAAAAAQAcAy72bQEZwhcABcyAAAXMfwAAJXcDGK10AxitcwACAHRNYWNpbnRvc2ggSEQ6cHJpdmF0ZToAdmFyOgBmb2xkZXJzOgBrNzoAa202eTkwNHg2cnpfYmYzZHpkZGR4dGswMDAwMGduOgBUOgBXZWJLaXRQREZzLXBnVjdscjoAd3NsX3NjaHV0emhlbG1fcGRmLnBkZgAOAC4AFgB3AHMAbABfAHMAYwBoAHUAdAB6AGgAZQBsAG0AXwBwAGQAZgAuAHAAZABmAA8AGgAMAE0AYQBjAGkAbgB0AG8AcwBoACAASABEABIAYHByaXZhdGUvdmFyL2ZvbGRlcnMvazcva202eTkwNHg2cnpfYmYzZHpkZGR4dGswMDAwMGduL1QvV2ViS2l0UERGcy1wZ1Y3bHIvd3NsX3NjaHV0emhlbG1fcGRmLnBkZgATAAEvAP//AACABtIbHB0eWiRjbGFzc25hbWVYJGNsYXNzZXNdTlNNdXRhYmxlRGF0YaMdHyBWTlNEYXRhWE5TT2JqZWN00hscIiNcTlNEaWN0aW9uYXJ5oiIgXxAPTlNLZXllZEFyY2hpdmVy0SYnVHJvb3SAAQAIABEAGgAjAC0AMgA3AEAARgBNAFUAYABnAGoAbABuAHEAcwB1AHcAhACOAPgA/QEFAyMDJQMqAzUDPgNMA1ADVwNgA2UDcgN1A4cDigOPAAAAAAAAAgEAAAAAAAAAKAAAAAAAAAAAAAAAAAAAA5E=}}

@article{Klaiber2014,
	Author = {Wolfgang Klaiber and Dirk Wolff and Angela Maier},
	Date-Added = {2014-11-21 11:36:37 +0000},
	Date-Modified = {2014-11-21 11:50:03 +0000},
	Journal = {AFZ Der Wald},
	Pages = {42 -- 43},
	Title = {Ver{\"a}nderung der {S}icherheit von {S}chnittschutzhosen durch {W}aschen},
	Volume = {3},
	Year = {2014},
	Bdsk-File-1 = {YnBsaXN0MDDUAQIDBAUGJCVYJHZlcnNpb25YJG9iamVjdHNZJGFyY2hpdmVyVCR0b3ASAAGGoKgHCBMUFRYaIVUkbnVsbNMJCgsMDxJXTlMua2V5c1pOUy5vYmplY3RzViRjbGFzc6INDoACgAOiEBGABIAFgAdccmVsYXRpdmVQYXRoWWFsaWFzRGF0YV8QZC4uLy4uLy4uLy4uLy4uL3Zhci9mb2xkZXJzL2s3L2ttNnk5MDR4NnJ6X2JmM2R6ZGRkeHRrMDAwMDBnbi9UL1dlYktpdFBERnMtcGdWN2xyL09yaWdpbmFsYXJ0aWtlbC5wZGbSFwsYGVdOUy5kYXRhTxECEAAAAAACEAACAAAMTWFjaW50b3NoIEhEAAAAAAAAAAAAAAAAAAAAzMwmpEgrAAADLvZtE09yaWdpbmFsYXJ0aWtlbC5wZGYAAAAAAAAAAAAAAAAAAAAAAAAAAAAAAAAAAAAAAAAAAAAAAAAAAAAAAAAAAAMu9pTQlOJ+AAAAAAAAAAAABQAIAAAJIAAAAAAAAAAAAAAAAAAAABFXZWJLaXRQREZzLXBnVjdscgAAEAAIAADMzBiUAAAAEQAIAADQlNRuAAAAAQAcAy72bQEZwhcABcyAAAXMfwAAJXcDGK10AxitcwACAHFNYWNpbnRvc2ggSEQ6cHJpdmF0ZToAdmFyOgBmb2xkZXJzOgBrNzoAa202eTkwNHg2cnpfYmYzZHpkZGR4dGswMDAwMGduOgBUOgBXZWJLaXRQREZzLXBnVjdscjoAT3JpZ2luYWxhcnRpa2VsLnBkZgAADgAoABMATwByAGkAZwBpAG4AYQBsAGEAcgB0AGkAawBlAGwALgBwAGQAZgAPABoADABNAGEAYwBpAG4AdABvAHMAaAAgAEgARAASAF1wcml2YXRlL3Zhci9mb2xkZXJzL2s3L2ttNnk5MDR4NnJ6X2JmM2R6ZGRkeHRrMDAwMDBnbi9UL1dlYktpdFBERnMtcGdWN2xyL09yaWdpbmFsYXJ0aWtlbC5wZGYAABMAAS8A//8AAIAG0hscHR5aJGNsYXNzbmFtZVgkY2xhc3Nlc11OU011dGFibGVEYXRhox0fIFZOU0RhdGFYTlNPYmplY3TSGxwiI1xOU0RpY3Rpb25hcnmiIiBfEA9OU0tleWVkQXJjaGl2ZXLRJidUcm9vdIABAAgAEQAaACMALQAyADcAQABGAE0AVQBgAGcAagBsAG4AcQBzAHUAdwCEAI4A9QD6AQIDFgMYAx0DKAMxAz8DQwNKA1MDWANlA2gDegN9A4IAAAAAAAACAQAAAAAAAAAoAAAAAAAAAAAAAAAAAAADhA==}}

@article{Tschannen2012,
	Author = {Walter Tschannen},
	Date-Added = {2014-11-21 11:33:49 +0000},
	Date-Modified = {2014-11-21 16:37:25 +0000},
	Journal = {Wald und Holz},
	Pages = {23 -- 25},
	Title = {Sicherer und effizienter arbeiten mit {S}prechfunk},
	Volume = {6},
	Year = {2012},
	Bdsk-File-1 = {YnBsaXN0MDDUAQIDBAUGJCVYJHZlcnNpb25YJG9iamVjdHNZJGFyY2hpdmVyVCR0b3ASAAGGoKgHCBMUFRYaIVUkbnVsbNMJCgsMDxJXTlMua2V5c1pOUy5vYmplY3RzViRjbGFzc6INDoACgAOiEBGABIAFgAdccmVsYXRpdmVQYXRoWWFsaWFzRGF0YV8Qdy4uLy4uLy4uLy4uLy4uL3Zhci9mb2xkZXJzL2s3L2ttNnk5MDR4NnJ6X2JmM2R6ZGRkeHRrMDAwMDBnbi9UL1dlYktpdFBERnMtcGdWN2xyL3dzbF9zcHJlY2hmdW5rX29yaWdpbmFsYXJ0aWtlbF9wZGYucGRm0hcLGBlXTlMuZGF0YU8RAlQAAAAAAlQAAgAADE1hY2ludG9zaCBIRAAAAAAAAAAAAAAAAAAAAMzMJqRIKwAAAy72bR93c2xfc3ByZWNoZnVua19vcmlnIzMyRUY2NkUucGRmAAAAAAAAAAAAAAAAAAAAAAAAAAAAAAAAAAAAAAAAAAADLvZu0JTiPgAAAAAAAAAAAAUACAAACSAAAAAAAAAAAAAAAAAAAAARV2ViS2l0UERGcy1wZ1Y3bHIAABAACAAAzMwYlAAAABEACAAA0JTULgAAAAEAHAMu9m0BGcIXAAXMgAAFzH8AACV3AxitdAMYrXMAAgB9TWFjaW50b3NoIEhEOnByaXZhdGU6AHZhcjoAZm9sZGVyczoAazc6AGttNnk5MDR4NnJ6X2JmM2R6ZGRkeHRrMDAwMDBnbjoAVDoAV2ViS2l0UERGcy1wZ1Y3bHI6AHdzbF9zcHJlY2hmdW5rX29yaWcjMzJFRjY2RS5wZGYAAA4ATgAmAHcAcwBsAF8AcwBwAHIAZQBjAGgAZgB1AG4AawBfAG8AcgBpAGcAaQBuAGEAbABhAHIAdABpAGsAZQBsAF8AcABkAGYALgBwAGQAZgAPABoADABNAGEAYwBpAG4AdABvAHMAaAAgAEgARAASAHBwcml2YXRlL3Zhci9mb2xkZXJzL2s3L2ttNnk5MDR4NnJ6X2JmM2R6ZGRkeHRrMDAwMDBnbi9UL1dlYktpdFBERnMtcGdWN2xyL3dzbF9zcHJlY2hmdW5rX29yaWdpbmFsYXJ0aWtlbF9wZGYucGRmABMAAS8A//8AAIAG0hscHR5aJGNsYXNzbmFtZVgkY2xhc3Nlc11OU011dGFibGVEYXRhox0fIFZOU0RhdGFYTlNPYmplY3TSGxwiI1xOU0RpY3Rpb25hcnmiIiBfEA9OU0tleWVkQXJjaGl2ZXLRJidUcm9vdIABAAgAEQAaACMALQAyADcAQABGAE0AVQBgAGcAagBsAG4AcQBzAHUAdwCEAI4BCAENARUDbQNvA3QDfwOIA5YDmgOhA6oDrwO8A78D0QPUA9kAAAAAAAACAQAAAAAAAAAoAAAAAAAAAAAAAAAAAAAD2w==}}
